@article{huang2007credit,
  title={Credit scoring with a data mining approach based on support vector machines},
  author={Huang, Cheng-Lung and Chen, Mu-Chen and Wang, Chieh-Jen},
  journal={Expert systems with applications},
  volume={33},
  number={4},
  pages={847--856},
  year={2007},
  publisher={Elsevier}
}

@article{poplin2018prediction,
  title={Prediction of cardiovascular risk factors from retinal fundus photographs via deep learning},
  author={Poplin, Ryan and Varadarajan, Avinash V and Blumer, Katy and Liu, Yun and McConnell, Michael V and Corrado, Greg S and Peng, Lily and Webster, Dale R},
  journal={Nature Biomedical Engineering},
  volume={2},
  number={3},
  pages={158},
  year={2018},
  publisher={Nature Publishing Group}
}

@article{tollenaar2013method,
  title={Which method predicts recidivism best?: a comparison of statistical, machine learning and data mining predictive models},
  author={Tollenaar, Nikolaj and Van der Heijden, PGM},
  journal={Journal of the Royal Statistical Society: Series A (Statistics in Society)},
  volume={176},
  number={2},
  pages={565--584},
  year={2013},
  publisher={Wiley Online Library}
}

@inproceedings{kohavi1996scaling,
  title={Scaling up the accuracy of naive-bayes classifiers: A decision-tree hybrid.},
  author={Kohavi, Ron},
  booktitle={Kdd},
  volume={96},
  pages={202--207},
  year={1996},
  organization={Citeseer}
}

@article{agarwal2018reductions,
  title={A reductions approach to fair classification},
  author={Agarwal, Alekh and Beygelzimer, Alina and Dud{\'\i}k, Miroslav and Langford, John and Wallach, Hanna},
  journal={arXiv preprint arXiv:1803.02453},
  year={2018}
}

@article{zafar2015fairness,
  title={Fairness constraints: Mechanisms for fair classification},
  author={Zafar, Muhammad Bilal and Valera, Isabel and Rodriguez, Manuel Gomez and Gummadi, Krishna P},
  journal={arXiv preprint arXiv:1507.05259},
  year={2015}
}